<?xml version="1.0" encoding="UTF-8"?><record xmlns="http://www.loc.gov/MARC21/slim" xmlns:cinclude="http://apache.org/cocoon/include/1.0" xmlns:zs="http://www.loc.gov/zing/srw/">
  <leader>01171cz  a2200217n  4500</leader>
  <controlfield tag="001">n 2007029768</controlfield>
  <controlfield tag="003">DLC</controlfield>
  <controlfield tag="005">20131121073821.0</controlfield>
  <controlfield tag="008">070427n| azannaabn          |b aaa      </controlfield>
  <datafield tag="010" ind1=" " ind2=" ">
    <subfield code="a">n 2007029768</subfield>
  </datafield>
  <datafield tag="035" ind1=" " ind2=" ">
    <subfield code="a">(OCoLC)oca07396689</subfield>
  </datafield>
  <datafield tag="040" ind1=" " ind2=" ">
    <subfield code="a">DLC</subfield>
    <subfield code="b">eng</subfield>
    <subfield code="c">DLC</subfield>
    <subfield code="d">DNLM</subfield>
    <subfield code="e">rda</subfield>
  </datafield>
  <datafield tag="100" ind1="1" ind2=" ">
    <subfield code="a">Pashkov, K. A.</subfield>
  </datafield>
  <datafield tag="378" ind1=" " ind2=" ">
    <subfield code="q">Konstantin Anatolʹevich</subfield>
  </datafield>
  <datafield tag="400" ind1="1" ind2=" ">
    <subfield code="a">Пашков, К. A.</subfield>
  </datafield>
  <datafield tag="400" ind1="1" ind2=" ">
    <subfield code="a">Pashkov, Konstantin Anatolʹevich</subfield>
  </datafield>
  <datafield tag="400" ind1="1" ind2=" ">
    <subfield code="a">Пашков, Константин Aнатольевич</subfield>
  </datafield>
  <datafield tag="667" ind1=" " ind2=" ">
    <subfield code="a">Non-Latin script reference not evaluated.</subfield>
  </datafield>
  <datafield tag="670" ind1=" " ind2=" ">
    <subfield code="a">Mosolov, N. N. Mediki na opalennykh dorogakh voĭny, 2005:</subfield>
    <subfield code="b">t.p. (K.A. Pashkov)</subfield>
  </datafield>
  <datafield tag="670" ind1=" " ind2=" ">
    <subfield code="a">Zubovrachevanie i stomatologii︠a︡ v Rossii, 2011:</subfield>
    <subfield code="b">t.p. (К.A. Пашков = K.A. Pashkov) p. 4 of cover (Пашков Константин Aнатольевич = Pashkov Konstantin Anatolʹevich; zavedui︠u︡shchiĭ kafedroĭ istorii medit︠s︡iny Moskovskogo gos. mediko-stomatologicheskogo universiteta)</subfield>
  </datafield>
  <datafield tag="670" ind1=" " ind2=" ">
    <subfield code="a">Pashkov, K. A. Razvitie vazhneĭshikh napravleniĭ v medit︠s︡ine Rossii vtoroĭ poloviny XIX veka, 2004:</subfield>
    <subfield code="b">t.p. (K.A. Pashkov) t.p. verso (Pashkov Konstantin Anatolʹevich)</subfield>
  </datafield>
</record>